@article{hahn2006economics,
  title={The economics of net neutrality},
  author={Hahn, Robert W and Wallsten, Scott},
  journal={The Economists' Voice},
  volume={3},
  number={6},
  year={2006},
  publisher={De Gruyter}
}
@article{kramer2013net,
	title={Net neutrality: A progress report},
	author={Kr{\"a}mer, Jan and Wiewiorra, Lukas and Weinhardt, Christof},
	journal={Telecommunications Policy},
	volume={37},
	number={9},
	pages={794--813},
	year={2013},
	publisher={Elsevier}
}
@article{lee2009subsidizing,
	title={Subsidizing creativity through network design: Zero-pricing and net neutrality},
	author={Lee, Robin S and Wu, Tim},
	journal={Journal of Economic Perspectives},
	volume={23},
	number={3},
	pages={61--76},
	year={2009}
}
@article{brewer2018seize,
	title={“Seize Your Moment, My Lovely Trolls”: News, Satire, and Public Opinion About Net Neutrality},
	author={Brewer, Paul R and Young, Dannagal G and Lambe, Jennifer L and Hoffman, Lindsay H and Collier, Justin},
	journal={International Journal of Communication},
	volume={12},
	pages={23},
	year={2018}
}
@article{hanna2018net,
	title={Net neutrality: A brief overview of the policy and the FCC’s ruling to upend it},
	author={Hanna, Mina J},
	journal={Computer},
	number={4},
	pages={78--81},
	year={2018},
	publisher={IEEE}
}
@inproceedings{hutto2014vader,
	title={Vader: A parsimonious rule-based model for sentiment analysis of social media text},
	author={Hutto, Clayton J and Gilbert, Eric},
	booktitle={Eighth international AAAI conference on weblogs and social media},
	year={2014}
}
@inproceedings{hutto2014vader,
	title={Vader: A parsimonious rule-based model for sentiment analysis of social media text},
	author={Hutto, Clayton J and Gilbert, Eric},
	booktitle={Eighth international AAAI conference on weblogs and social media},
	year={2014}
}
@misc{pearlstein_2018, title={It's True: Tech Workers Overwhelmingly Support Democrats in 2018}, url={https://www.wired.com/story/tech-workers-overwhelmingly-support-democrats/}, journal={Wired}, publisher={Wired}, author={Pearlstein, Joanna}, year={2018}, month={Nov}}